@Manual{R-AnnotationDbi,
  title = {AnnotationDbi: Annotation Database Interface},
  author = {Hervé Pagès and Marc Carlson and Seth Falcon and Nianhua Li},
  year = {2017},
  note = {R package version 1.40.0},
}
@Manual{R-base,
  title = {R: A Language and Environment for Statistical Computing},
  author = {{R Core Team}},
  organization = {R Foundation for Statistical Computing},
  address = {Vienna, Austria},
  year = {2017},
  url = {https://www.R-project.org/},
}
@Manual{R-Biobase,
  title = {Biobase: Base functions for Bioconductor},
  author = {R. Gentleman and V. Carey and M. Morgan and S. Falcon},
  year = {2017},
  note = {R package version 2.38.0},
}
@Manual{R-BiocGenerics,
  title = {BiocGenerics: S4 generic functions for Bioconductor},
  author = {The Bioconductor Dev Team},
  year = {2017},
  note = {R package version 0.24.0},
}
@Manual{R-BiocStyle,
  title = {BiocStyle: Standard styles for vignettes and other Bioconductor documents},
  author = {Andrzej Oleś and Martin Morgan and Wolfgang Huber},
  year = {2017},
  note = {R package version 2.6.1},
  url = {https://github.com/Bioconductor/BiocStyle},
}
@Manual{R-CellTrails,
  title = {CellTrails: Reconstruction, visualization and analysis of branching trajectories},
  author = {Daniel Ellwanger},
  note = {R package version 0.99.12},
  year = {2018},
}
@Manual{R-DelayedArray,
  title = {DelayedArray: Delayed operations on array-like objects},
  author = {Hervé Pagès},
  year = {2017},
  note = {R package version 0.4.1},
}
@Manual{R-GenomeInfoDb,
  title = {GenomeInfoDb: Utilities for manipulating chromosome and other 'seqname'
identifiers},
  author = {Sonali Arora and Martin Morgan and Marc Carlson and H. Pagès},
  year = {2017},
  note = {R package version 1.14.0},
}
@Manual{R-GenomicRanges,
  title = {GenomicRanges: Representation and manipulation of genomic intervals and
variables defined along a genome},
  author = {P. Aboyoun and H. Pagès and M. Lawrence},
  year = {2017},
  note = {R package version 1.30.0},
}
@Manual{R-IRanges,
  title = {IRanges: Infrastructure for manipulating intervals on sequences},
  author = {H. Pagès and P. Aboyoun and M. Lawrence},
  year = {2017},
  note = {R package version 2.12.0},
}
@Manual{R-matrixStats,
  title = {matrixStats: Functions that Apply to Rows and Columns of Matrices (and to
Vectors)},
  author = {Henrik Bengtsson},
  year = {2017},
  note = {R package version 0.52.2},
  url = {https://CRAN.R-project.org/package=matrixStats},
}
@Manual{R-S4Vectors,
  title = {S4Vectors: S4 implementation of vector-like and list-like objects},
  author = {H. Pagès and M. Lawrence and P. Aboyoun},
  year = {2017},
  note = {R package version 0.16.0},
}
@Manual{R-SingleCellExperiment,
  title = {SingleCellExperiment: S4 Classes for Single Cell Data},
  author = {Aaron Lun and Davide Risso},
  year = {2017},
  note = {R package version 1.0.0},
}
@Manual{R-SummarizedExperiment,
  title = {SummarizedExperiment: SummarizedExperiment container},
  author = {Martin Morgan and Valerie Obenchain and Jim Hester and Hervé Pagès},
  year = {2017},
  note = {R package version 1.8.0},
}
